@inproceedings{Pervasive_Sigg_2014,
  author =        {Stephan Sigg and Mario Hock and Markus Scholz and
                   Gerhard Troester and Lars Wolf and Yusheng Ji and
                   Michael Beigl},
  booktitle =     {Proceedings of the 10th International Conference on
                   Mobile and Ubiquitous Systems: Computing, Networking
                   and Services},
  title =         {Passive, device-free recognition on your mobile
                   phone: tools, features and a case study},
  year =          {2013},
}
@article{Pervasive_Sigg_2014b,
  author =        {Stephan Sigg and Shuyu Shi and Yusheng Ji},
  journal =       {International Journal on Ambient Computing and
                   Intelligence (IJACI)},
  number =        {1},
  title =         {Teach your WiFi-Device: Recognise Gestures and
                   Simultaneous Activities from Time-Domain RF-Features},
  volume =        {6},
  year =          {2014},
}